<?xml version="1.0" encoding="UTF-8"?><collection xmlns="http://www.loc.gov/MARC21/slim"><record><leader>00358nam--2200133-i-4500</leader><controlfield tag="001">000006924</controlfield><controlfield tag="002">20161230</controlfield><controlfield tag="005">20161230201027</controlfield><controlfield tag="008">060222s1000------------r-----000-0-eng-d</controlfield><datafield ind1=" " ind2=" " tag="100"><subfield code="a">Godement, Roger</subfield></datafield><datafield ind1=" " ind2=" " tag="245"><subfield code="a">Collection enseignement des sciences. cours d  algebre</subfield></datafield><datafield ind1=" " ind2=" " tag="260"><subfield code="a">Paris, Hermann</subfield></datafield><datafield ind1=" " ind2=" " tag="490"><subfield code="a">Collection Enseignement Des Sciences</subfield></datafield><datafield ind1=" " ind2=" " tag="852"><subfield code="a">20073</subfield></datafield></record></collection>